@article{example2024,
	author = {John Doe},
	title = {My Sample Paper},
	journal = {IEEE Transactions on Something},
	volume = {12},
	number = {4},
	pages = {123-456},
	year = {2024}
}

